[gd_scene load_steps=8 format=2]

[ext_resource path="res://scenes/game/enemy.gd" type="Script" id=1]
[ext_resource path="res://assets/images/ships_biomech.png" type="Texture" id=2]
[ext_resource path="res://scenes/game/Livebar.tscn" type="PackedScene" id=3]
[ext_resource path="res://assets/images/red_button02.png" type="Texture" id=4]

[sub_resource type="Animation" id=1]
resource_name = "idle"
loop = true
tracks/0/type = "value"
tracks/0/path = NodePath("Sprite:frame")
tracks/0/interp = 1
tracks/0/loop_wrap = true
tracks/0/imported = false
tracks/0/enabled = true
tracks/0/keys = {
"times": PoolRealArray( 0, 0.7 ),
"transitions": PoolRealArray( 1, 1 ),
"update": 0,
"values": [ 0, 3 ]
}

[sub_resource type="Animation" id=2]
resource_name = "movement_1"
length = 4.0
loop = true
tracks/0/type = "bezier"
tracks/0/path = NodePath(".:position:x")
tracks/0/interp = 1
tracks/0/loop_wrap = true
tracks/0/imported = false
tracks/0/enabled = true
tracks/0/keys = {
"points": PoolRealArray( 0, -0.25, 0, 0.272, 260.398, -17.1626, -0.39368, 647.329, 0.646528, -323.313, -6.46324, -0.859191, -395.641, 0.19432, 428.425 ),
"times": PoolRealArray( 0.01, 1.98991, 3.97982 )
}
tracks/1/type = "bezier"
tracks/1/path = NodePath(".:position:y")
tracks/1/interp = 1
tracks/1/loop_wrap = true
tracks/1/imported = false
tracks/1/enabled = true
tracks/1/keys = {
"points": PoolRealArray(  ),
"times": PoolRealArray(  )
}

[sub_resource type="CircleShape2D" id=3]
radius = 16.9825

[node name="Enemy" type="Position2D"]
script = ExtResource( 1 )

[node name="Area2D" type="Area2D" parent="."]

[node name="Sprite" type="Sprite" parent="Area2D"]
texture = ExtResource( 2 )
hframes = 4
region_enabled = true
region_rect = Rect2( 0, 496, 192, 31 )

[node name="AnimationPlayerImage" type="AnimationPlayer" parent="Area2D"]
anims/idle = SubResource( 1 )

[node name="AnimationPlayerMovement" type="AnimationPlayer" parent="Area2D"]
anims/movement_1 = SubResource( 2 )

[node name="CollisionShape2D" type="CollisionShape2D" parent="Area2D"]
shape = SubResource( 3 )

[node name="Livebar" parent="Area2D" instance=ExtResource( 3 )]
texture = ExtResource( 4 )
LiveNodePath = NodePath("../..")

